Untuk setiap referensi, baris pertama (Newton1687) merupakan label dan baris-baris berikutnya
merupakan atribut dari referensi yang akan digunakan. Umumnya, format referensi berikut sudah
disediakan oleh penyedia sumber referensi secara online dan bisa langsung digunakan di sini.

Lihat https://www.bibtex.com/g/bibtex-format/ untuk informasi lebih lanjut mengenai format
BibTex yang digunakan pada file ini.

@article{Newton1687,
  author     = {I. {Newton}},
  journal    = {Philosophi√¶ Naturalis Principia Mathematica},
  title      = {Axioms or Laws of Motion},
  year       = {1687}}

@misc{SpaceXBlueprint,
  title      = {Space X Blueprint},
  year       = 2021,
  url        = {https://id.pinterest.com/pin/344032859037191430/},
  urldate    = {2021-01-26}}

@misc{BPS2022,
  title      = {Jumlah Kendaraan Bermotor Menurut Provinsi dan Jenis Kendaraan (unit), 2022},
  year       = 2024,
  url        = {https://www.bps.go.id/id/statistics-table/3/VjJ3NGRGa3dkRk5MTlU1bVNFOTVVbmQyVURSTVFUMDkjMw==/jumlah-kendaraan-bermotor-menurut-provinsi-dan-jenis-kendaraan--unit---2022.html?year=2022},
  urldate    = {2024-02-20}}

@misc{BPS2021,
  title     = {Jumlah Kendaraan Bermotor Menurut Provinsi dan Jenis Kendaraan (unit), 2021},
  year      = 2024,
  url       = {https://www.bps.go.id/id/statistics-table/3/VjJ3NGRGa3dkRk5MTlU1bVNFOTVVbmQyVURSTVFUMDkjMw==/jumlah-kendaraan-bermotor-menurut-provinsi-dan-jenis-kendaraan--unit---2021.html?year=2021},
  urldate   = {2024-02-20}}

@misc{BPS2020,
  title     = {Jumlah Kendaraan Bermotor Menurut Provinsi dan Jenis Kendaraan (unit), 2020},
  year      = 2023,
  url       = {https://www.bps.go.id/id/statistics-table/3/VjJ3NGRGa3dkRk5MTlU1bVNFOTVVbmQyVURSTVFUMDkjMw==/jumlah-kendaraan-bermotor-menurut-provinsi-dan-jenis-kendaraan--unit---2020.html?year=2020},
  urldate   = {2023-02-23}}

@article{jurnalMacetSBY,
  author          = {A. {de Rozari} dan Y.H. {Wibowo}},
  journal         = {JPAP: Jurnal Penelitian Administrasi Publik},
  title           = {Faktor-Faktor Yang Menyebabkan Kemacetan Lalu Linta Di Jalan Utama Kota Surabaya},
  year            = {2015}
}

@article{jurnalMacetJKT,
  author          = {R. {Sitanggang} dan E. {Saribanon}},
  journal         = {Jurnal Manajemen Bisnis Transportasi Dan Logistik},
  title           = {Faktor-Faktor Penyebab Kemacetan Di DKI Jakarta},
  year            = {2018}
}

@misc{tomtom,
  title        = {Jakarta Traffic, Indonesia},
  year         = {2023},
  url          = {https://www.tomtom.com/traffic-index/jakarta-traffic/},
}

@conference{LovitaACEConference,
  author          = {Merry {Lovita}, dkk.},
  booktitle       = {4th ACE Conference 2017},
  title           = {Pemanfaatan Drone Pada Penelitian Keselamatan Lalu Lintas di Persimpangan},
  year            = {2017}
}

@article{GuptaSurveillanceDrone,
  author          = {H. {Gupta} dan O.P. {Verma}},
  journal         = {Multimedia Tools and Applications},
  title           = {Monitoring and Surveillance of Urban Road Traffic Using Low Altitude Drone Images: A Deep Learning Approach},
  year            = {2022}
}

@article{LeeSmallDroneSurveillance,
  author          = {J. {Lee}, dkk.},
  title           = {Examining The Applicability of Small Quadcopter Drone for Traffic Surveillance and Roadway Incident Monitoring},
  year            = {2018}
}

@article{AndreaIEEEAccess,
  author          = {A. {Sciarrone}, dkk.},
  journal         = {IEEE Access},
  title           = {A Systematic Review of Drone Based Road Traffic Monitoring System},
  year            = {2022}
}

@conference{WisnuFWDeepLearning,
  author          = {P.W. {Bhaskara},},
  booktitle       = {2020 International Conference on Computer Engineering, Network and Intelligent Multimedia (CENIM 2020)},
  title           = {Traffic Congestion Detection Using Fixed-Wing Unmanned Aerial Vehicle (UAV) Video Streaming Based on Deep Learning},
  year            = {2020}
}

@article{LuukkonenQuadcopter,
  author          = {T. {Luukkonen}},
  title           = {Modelling and Control of Quadcopter},
  year            = {2011}
}

@book{GopalakrishnanQuadcopter,
  author         = {E. {Gopalakrishnan}},
  title          = {Quadcopter Flight Mechanics Model and Control Algorithms},
  year           = {2017}

}
@article{PraveenQuadcopter,
  author          = {V. {Praveen} dan A.S. {Pillai}},
  journal         = {IJCTA 2016},
  title           = {Modeling and Simulation of Quadcopter Using PID Controller},
  year            = {2016}
}

@conference{KusumantoPengolahanCitra,
  author          = {RD. {Kusumanto} dan A.N. {Tompunu}},
  booktitle       = {Seminar Nasional Teknologi Informasi dan Komunikasi Terapan 2011 (Semantik 2011)},
  title           = {Pengolahan Citra Digital Untuk Mendeteksi Obyek Menggunakan Pengolahan Warna Model Normalisasi RGB},
  year            = {2011}
}

@misc{IBMDeepLearning,
  author    = {J. {Holdsworth} dan M. {Scapicchio}},
  title     = {What is Deep Learning?},
  year      = 2024,
  url       = {https://www.ibm.com/topics/deep-learning},
  urldate   = {2024-06-17}}

@book{Goodfellow-et-al-2016,
    title={Deep Learning},
    author={Ian Goodfellow and Yoshua Bengio and Aaron Courville},
    publisher={MIT Press},
    note={\url{http://www.deeplearningbook.org}},
    year={2016}
}

@article{RedmonYOLO,
  author          = {J. {Redmon} dkk.},
  title           = {You Only Look Once: Unified, Real-Time Object Detection},
  year            = {2016}
}

